% This file was created with JabRef 2.10b2.
% Encoding: UTF8


@Misc{gl-api,
  Title                    = {GitLab API},

  Author                   = {GitLab developers},
  Year                     = {2014},

  Owner                    = {dietmarw},
  Quality                  = {1},
  Timestamp                = {2013.12.08},
  Url                      = {https://github.com/gitlabhq/gitlabhq/blob/master/doc/api/README.md}
}

@Misc{gh-api,
  Title                    = {GitHub API v3},

  Author                   = {GitHub Developers},
  Year                     = {2014},

  Owner                    = {dietmarw},
  Quality                  = {1},
  Timestamp                = {2013.12.08},
  Url                      = {http://developer.github.com/v3/}
}

@Misc{easy_install,
  Title                    = {Easily download, build, install, upgrade, and uninstall Python packages},

  Author                   = {easy\_install},
  Year                     = {2014},

  Owner                    = {dietmarw},
  Quality                  = {1},
  Timestamp                = {2013.12.07},
  Url                      = {https://pypi.python.org/pypi/setuptools}
}

@Misc{github,
  Title                    = {Build software better, together.},

  Author                   = {GitHub},
  Year                     = {2014},

  Owner                    = {dietmarw},
  Quality                  = {1},
  Timestamp                = {2013.12.07},
  Url                      = {https://github.com/}
}

@Misc{json,
  Title                    = {JavaScript Object Notation},

  Author                   = {JSON},
  Year                     = {2014},

  Owner                    = {dietmarw},
  Quality                  = {1},
  Timestamp                = {2013.12.08},
  Url                      = {http://www.json.org/}
}

@Manual{ModelicaSpec3.2,
  Title                    = {{Modelica -- A Unified Object-Oriented Language for Physical Systems Modeling -- Language Specification}},
  Author                   = {{Modelica Association}},
  Edition                  = {Version 3.2},
  Month                    = {29th February},
  Year                     = {2012},

  Owner                    = {dietmarw},
  Timestamp                = {2012.02.29}
}

@Manual{MSL3.2,
  Title                    = {{Modelica - Free library from the Modelica Association}},
  Author                   = {{Modelica Association}},
  Edition                  = {Version 3.2},
  Year                     = {2010},

  Owner                    = {dietmarw},
  Timestamp                = {2010.10.25},
  Url                      = {https://github.com/modelica/Modelica}
}

@Misc{npm,
  Title                    = {Node Packaged Modules},

  Author                   = {npm},
  Year                     = {2014},

  Owner                    = {dietmarw},
  Quality                  = {1},
  Timestamp                = {2013.12.07},
  Url                      = {https://npmjs.org/}
}

@Misc{pip,
  Title                    = {A tool for installing and managing Python packages.},

  Author                   = {pip},
  Year                     = {2014},

  Owner                    = {dietmarw},
  Quality                  = {1},
  Timestamp                = {2013.12.07},
  Url                      = {http://www.pip-installer.org}
}

@Misc{semver,
  Title                    = {Semantic Versioning 2.0.0},

  Author                   = {Tom Preston-Werner},
  Month                    = {June},
  Year                     = {2014},

  Owner                    = {dietmarw},
  Quality                  = {1},
  Timestamp                = {2013.12.08},
  Url                      = {http://semver.org/}
}

@Misc{pypi,
  Title                    = {The Python Package Index},

  Author                   = {PyPI},
  Year                     = {2014},

  Owner                    = {dietmarw},
  Quality                  = {1},
  Timestamp                = {2013.12.07},
  Url                      = {https://pypi.python.org/pypi}
}

@Misc{Bower,
  Title                    = {Bower -- A package manager for the web},

  Author                   = {Twitter, Inc.},
  Month                    = {Dec},
  Year                     = {2014},

  Owner                    = {dietmarw},
  Quality                  = {1},
  Timestamp                = {2013.12.07},
  Url                      = {http://bower.io/}
}

@comment{jabref-meta: selector_publisher:}

@comment{jabref-meta: selector_author:}

@comment{jabref-meta: selector_journal:}

@comment{jabref-meta: selector_keywords:}

