@article{impact1,
  title = {impact -- A Modelica Package Manager},
  author = {Tiller, Michael}, {Winkler, Dietmar},
  date = {2014-03}
}

@article{impact-gist,
  url = {https://gist.github.com/xogeny/fac3ea9174e74275e7fe},
  author = {Tiller, Michael},
  date = {2013-10}
}

@article{python-ssl,
  url = {http://stackoverflow.com/questions/2261866/how-to-install-python-ssl-module-on-windows},
}

@article{gl-api,
  owner = {dietmarw},
  quality = {1},
  title = {{GitLab} {API}},
  url = {https://github.com/gitlabhq/gitlabhq/blob/master/doc/api/README.md},
  timestamp = {2015-04-13 08:40:03},
  author = {developers, {GitLab}},
  date = {2014}
}

@article{gh-api,
  owner = {dietmarw},
  quality = {1},
  title = {{GitHub} {API} v3},
  url = {http://developer.github.com/v3/},
  timestamp = {2015-04-13 08:40:04},
  author = {Developers, {GitHub}},
  date = {2014}
}

@article{easy_install,
  owner = {dietmarw},
  quality = {1},
  title = {Easily download, build, install, upgrade, and uninstall Python packages},
  url = {https://pypi.python.org/pypi/setuptools},
  timestamp = {2015-04-13 08:40:04},
  author = {{easy\_install}},
  date = {2014}
}

@article{github,
  owner = {dietmarw},
  quality = {1},
  title = {Build software better, together.},
  url = {https://github.com/},
  timestamp = {2015-04-13 08:40:04},
  author = {{GitHub}},
  date = {2014}
}

@article{json,
  owner = {dietmarw},
  quality = {1},
  title = {{JavaScript} Object Notation},
  url = {http://www.json.org/},
  timestamp = {2015-04-13 08:40:04},
  author = {{JSON}},
  date = {2014}
}

@book{ModelicaSpec3.2,
  owner = {dietmarw},
  edition = {Version 3.2},
  title = {Modelica -- A Unified Object-Oriented Language for Physical Systems Modeling -- Language Specification},
  timestamp = {2015-04-13 08:40:04},
  author = {{Modelica Association}},
  date = {2012-02-29}
}

@book{MSL3.2,
  owner = {dietmarw},
  edition = {Version 3.2},
  title = {Modelica - Free library from the Modelica Association},
  url = {https://github.com/modelica/Modelica},
  timestamp = {2015-04-13 08:40:04},
  author = {{Modelica Association}},
  date = {2010}
}

@article{npm,
  owner = {dietmarw},
  quality = {1},
  title = {Node Packaged Modules},
  url = {https://npmjs.org/},
  timestamp = {2015-04-13 08:40:04},
  author = {{npm}},
  date = {2014}
}

@article{pip,
  owner = {dietmarw},
  quality = {1},
  title = {A tool for installing and managing Python packages.},
  url = {http://www.pip-installer.org},
  timestamp = {2015-04-13 08:40:04},
  author = {{pip}},
  date = {2014}
}

@article{semver,
  owner = {dietmarw},
  quality = {1},
  title = {Semantic Versioning 2.0.0},
  url = {http://semver.org/},
  timestamp = {2015-04-13 08:40:04},
  author = {Preston-Werner, Tom},
  date = {2014-06}
}

@article{pypi,
  owner = {dietmarw},
  quality = {1},
  title = {The Python Package Index},
  url = {https://pypi.python.org/pypi},
  timestamp = {2015-04-13 08:40:04},
  author = {{PyPI}},
  date = {2014}
}

@article{Bower,
  owner = {dietmarw},
  quality = {1},
  title = {Bower -- A package manager for the web},
  url = {http://bower.io/},
  timestamp = {2015-04-13 08:40:04},
  author = {Twitter, Inc.},
  date = {2014-12}
}


